@article{Albouy2012,
author = {Albouy, Camille and Guilhaumon, Fran\c{c}ois and Ara\'{u}jo, Miguel B. and Mouillot, David and Leprieur, Fabien},
doi = {10.1111/j.1365-2486.2012.02772.x},
file = {:home/tpoisot/Documents/Papers/Global Change Biology/Albouy et al. - 2012 - Combining projected changes in species richness and composition reveals climate change impacts on coastal Mediterranean fish assemblages.pdf:pdf},
issn = {13541013},
journal = {Global Change Biology},
keywords = {15 june 2012,beta diversity,bioclimatic envelop model,june 2012 and accepted,mediterranean coastal fish,mediterranean sea,nestedness,received 21 february 2012,revised version received 12,species temporal turnover,turnover},
month = jul,
pages = {n/a--n/a},
title = {{Combining projected changes in species richness and composition reveals climate change impacts on coastal Mediterranean fish assemblages}},
url = {http://doi.wiley.com/10.1111/j.1365-2486.2012.02772.x},
year = {2012}
}
