@article{Allouche2006,
author = {Allouche, Omri and Tsoar, Asaf and Kadmon, Ronen},
doi = {10.1111/j.1365-2664.2006.01214.x},
file = {:home/tpoisot/Documents/Papers/Journal of Applied Ecology/Allouche, Tsoar, Kadmon - 2006 - Assessing the accuracy of species distribution models prevalence, kappa and the true skill statistic (TSS).pdf:pdf},
issn = {00218901},
journal = {Journal of Applied Ecology},
month = sep,
number = {6},
pages = {1223--1232},
title = {{Assessing the accuracy of species distribution models: prevalence, kappa and the true skill statistic (TSS)}},
url = {http://doi.wiley.com/10.1111/j.1365-2664.2006.01214.x},
volume = {43},
year = {2006}
}
