@article{Baiser2012,
author = {Baiser, Benjamin and Gotelli, Nicholas J and Buckley, Hannah L. and Miller, Thomas E and Ellison, Aaron M.},
doi = {10.1111/j.1466-8238.2011.00705.x},
file = {:home/tpoisot/Documents/Papers/Global Ecology and Biogeography/Baiser et al. - 2012 - Geographic variation in network structure of a nearctic aquatic food web.pdf:pdf},
issn = {1466822X},
journal = {Global Ecology and Biogeography},
keywords = {2011 blackwell publishing ltd,america,chain length,climate,food web,keystone predation,network structure,north,pitcher plant,sarracenia purpurea},
month = may,
number = {5},
pages = {579--591},
title = {{Geographic variation in network structure of a nearctic aquatic food web}},
url = {http://doi.wiley.com/10.1111/j.1466-8238.2011.00705.x},
volume = {21},
year = {2012}
}
