@phdthesis{Canard2011,
author = {Canard, Elsa},
file = {:home/tpoisot/Documents/Papers/Unknown/Canard - 2011 - Espace et neutralit\'{e} dans les r\'{e}seaux d'interactions \'{e}cologiques.pdf:pdf},
school = {Universit\'{e} Montpellier 2},
title = {{Espace et neutralit\'{e} dans les r\'{e}seaux d'interactions \'{e}cologiques}},
type = {PhD thesis},
year = {2011}
}
