@article{Cheung2012,
author = {Cheung, William W. L. and Sarmiento, Jorge L. and Dunne, John and Fr\"{o}licher, Thomas L. and Lam, Vicky W. Y. and {Deng Palomares}, M. L. and Watson, Reg and Pauly, Daniel},
doi = {10.1038/nclimate1691},
file = {:Users/DGravel/Documents/Biblio/Librairie\_Gravel.Data/REFS/Cheung et al. 2012.pdf:pdf},
issn = {1758-678X},
journal = {Nature Climate Change},
month = sep,
number = {3},
pages = {254--258},
title = {{Shrinking of fishes exacerbates impacts of global ocean changes on marine ecosystems}},
url = {http://www.nature.com/nclimate/journal/vaop/ncurrent/full/nclimate1691.html http://www.nature.com/doifinder/10.1038/nclimate1691},
volume = {3},
year = {2012}
}
