@article{Froese2010,
author = {Froese, R},
title = {{FishBase}},
url = {http://library.wur.nl/WebQuery/clc/1611540},
year = {2010}
}
