@article{Stouffer2005,
author = {Stouffer, Daniel B and Camacho, Juan and Guimera, R and Ng, C A and Amaral, Lu\'{\i}s A Nunes},
file = {:home/tpoisot/Documents/Papers/Ecology/Stouffer et al. - 2005 - Quantitative patterns in the structure of model and empirical food webs.pdf:pdf},
journal = {Ecology},
keywords = {complex networks,empirical,food webs,food-web patterns,food-web structure,model vs,network structure,scaling,universality},
number = {5},
pages = {1301--1311},
title = {{Quantitative patterns in the structure of model and empirical food webs}},
url = {http://www.esajournals.org/doi/pdf/10.1890/04-0957},
volume = {86},
year = {2005}
}
