@article{Whitehead1986,
author = {Whitehead, PJP and Unesco},
title = {{Fishes of the North-eastern Atlantic and the Mediterranean}},
url = {http://www.getcited.org/pub/102508106},
year = {1986}
}
