@article{Williams2000,
author = {Williams, Richard J and Martinez, N\'{e}o D},
file = {:home/tpoisot/Documents/Papers/Nature/Williams, Martinez - 2000 - Simple rules yield complex food webs.pdf:pdf},
journal = {Nature},
number = {6774},
pages = {180--183},
publisher = {Nature Publishing Group},
title = {{Simple rules yield complex food webs}},
volume = {404},
year = {2000}
}
